% is used to cite journal articles, including both academic and non-academic journals. This entry type is suitable for referencing articles published in periodicals, magazines, and other serial publications
@article{vodnjak,
author = {Franc Solina and Blaž Meden},
title = {Light fountain – a virtually enhanced stone sculpture},
journal = {Digital Creativity},
volume = {28},
number = {2},
pages = {89--102},
year  = {2017},
publisher = {Routledge},
doi = {10.1080/14626268.2016.1258422}
}

% is used to cite online sources such as websites, online articles, or digital content
@online{lidija,
title = {Obisk galerije v času novakoronavirusa ali govorica oblike in njenih mankov},
author = {Golc, Lidija},
organization = {Vrabec anarhist, Portal za književnost in mišljenje},
url={http://vrabecanarhist.eu/lidija-golc-franc-solina-ocena/},
urldate = {2021-02-27},
year = 2020
}

% is a more specific entry for technical reports, which are often produced by research institutions, companies, or government agencies
@techreport{diploma,
Title  = {Vizualizacija},
Author = {Balon, Andreja},
institution = {Fakulteta za elektrotehniko in ra\v{c}unalni\v{s}tvo, Univerza v Ljubljani},
Year        = {1990},
type        = {Diplomska naloga}
}

% is a general-purpose entry for reports of any kind
@report{andersen2012kinect,
  title={Kinect depth sensor evaluation for computer vision applications},
  author={Andersen, Michael Riis and Jensen, Thomas and Lisouski, Pavel and Mortensen, Anders Krogh and Hansen, Mikkel Kragh and Gregersen, Torben and Ahrendt, Peter},
  institution={Department of Engineering, Aarhus University},
  series = {Technical Report Electronics and Computer Engineering},
  volume = {1},
  number = {6},
  year={2012},
  url={https://tidsskrift.dk/ece/article/view/21221},
  urldate = {2021-05-10},
}

% This entry type is appropriate when the whole book is the subject of the citation
@book{lamport,
  title={LaTEX: A Document Preparation System},
  author={Lamport, Leslie},
  year={1986},
  publisher={Addison-Wesley}
}

% is used to reference a specific part of a book, such as a chapter, section, or a range of pages
@inbook{CitekeyInbook,
  author    = "Lisa A. Urry and Michael L. Cain and Steven A. Wasserman and Peter V. Minorsky and Jane B. Reece",
  title     = "Photosynthesis",
  booktitle = "Campbell Biology",
  year      = "2016",
  publisher = "Pearson",
  address   = "New York, NY",
  pages     = "187--221"
}


% is a catch-all entry type that is used for references that don't fit neatly into the other predefined categories
@misc{knuth,
author = "{Wikipedia contributors}",
title = "Donald Knuth --- {Wikipedia}{,} The Free Encyclopedia",
year = "2021",
url = "https://en.wikipedia.org/w/index.php?title=Donald_Knuth&oldid=1020717520",
urldate = {2021-05-07}
}

%%%%%%%%%%%%%%%%%%%%%%%%%%%% Zgodovina lovstva na Slovenskem  %%%%%%%%%%%%%%%%%%%%%%%%%%%%%%%%%%%%%%%%%%%%%%%%%%%%%

@inbook{Lov_8_14,
  author    = "Romana Erhatič Širnik",
  title     = {Lov za preživetje: Različne kulture - različni načini in pomen lova},
  booktitle = "Lov in lovci skozi čas",
  year      = "2004",
  publisher = "Lovska zveza Slovenije",
  address   = "Ljubljana",
  pages     = "8-14"
}

@inbook{Lov_15_34,
  author    = "Romana Erhatič Širnik",
  title     = "Lov kot privilegij",
  booktitle = "Lov in lovci skozi čas",
  year      = "2004",
  publisher = "Lovska zveza Slovenije",
  address   = "Ljubljana",
  pages     = "15-34"
}

@inbook{Lov_43_55,
  author    = "Romana Erhatič Širnik",
  title     = {Lov v Valvasorjevem času (druga polovica 17. stoletja): Uveljava zakupnega sistema},
  booktitle = "Lov in lovci skozi čas",
  year      = "2004",
  publisher = "Lovska zveza Slovenije",
  address   = "Ljubljana",
  pages     = "43-55"
}

@inbook{Lov_65_85,
  author    = "Romana Erhatič Širnik",
  title     = {Lovske družbe in društva (od druge polovice 19. stoletja naprej): Slovensko lovsko društvo (1909-1914)},
  booktitle = "Lov in lovci skozi čas",
  year      = "2004",
  publisher = "Lovska zveza Slovenije",
  address   = "Ljubljana",
  pages     = "65-85"
}

@inbook{Lov_93_120,
  author    = "Romana Erhatič Širnik",
  title     = "Lovstvo v prvi Jugoslaviji",
  booktitle = "Lov in lovci skozi čas",
  year      = "2004",
  publisher = "Lovska zveza Slovenije",
  address   = "Ljubljana",
  pages     = "93-120"
}

@inbook{Lov_129_149,
  author    = "Romana Erhatič Širnik",
  title     = "Slovensko lovsko društvo",
  booktitle = "Lov in lovci skozi čas",
  year      = "2004",
  publisher = "Lovska zveza Slovenije",
  address   = "Ljubljana",
  pages     = "129-149"
}


@inbook{Lov_170_175,
  author    = "Romana Erhatič Širnik",
  title     = "Enotni zakon o lovu - 1935",
  booktitle = "Lov in lovci skozi čas",
  year      = "2004",
  publisher = "Lovska zveza Slovenije",
  address   = "Ljubljana",
  pages     = "170-175"
}

@inbook{Lov_176_178,
  author    = "Romana Erhatič Širnik",
  title     = "Lovske razmere po sprejemu zakona (1935-1940)",
  booktitle = "Lov in lovci skozi čas",
  year      = "2004",
  publisher = "Lovska zveza Slovenije",
  address   = "Ljubljana",
  pages     = "176-178"
}

@inbook{Lov_197_201,
  author    = "Romana Erhatič Širnik",
  title     = "Lovstvo med drugo svetovno vojno",
  booktitle = "Lov in lovci skozi čas",
  year      = "2004",
  publisher = "Lovska zveza Slovenije",
  address   = "Ljubljana",
  pages     = "197-201"
}

@inbook{Lov_202_218,
  author    = "Romana Erhatič Širnik",
  title     = "Lovstvo in lovska organizacija v drugi Jugoslaviji",
  booktitle = "Lov in lovci skozi čas",
  year      = "2004",
  publisher = "Lovska zveza Slovenije",
  address   = "Ljubljana",
  pages     = "202-218"
}

@inbook{Lov_235_244,
  author    = "Romana Erhatič Širnik",
  title     = {Zakon o lovu 1949: Lovski izpiti: Oddajanje lovišč v upravljanje},
  booktitle = "Lov in lovci skozi čas",
  year      = "2004",
  publisher = "Lovska zveza Slovenije",
  address   = "Ljubljana",
  pages     = "235-244"
}

@inbook{Lov_258_276,
  author    = "Romana Erhatič Širnik",
  title     = {Lovske podzveze, okrajne lovske zveze in Lovska zveza Ljudske republike Slovenije (1949-1954): Republiški zakon o lovu 1954: Republiška lovska zveza (1954-1959)},
  booktitle = "Lov in lovci skozi čas",
  year      = "2004",
  publisher = "Lovska zveza Slovenije",
  address   = "Ljubljana",
  pages     = "258-276"
}

@inbook{Sto_63_77,
  author    = "Marjan Toš",
  title     = "Lovska organizacija v socialistični Jugoslaviji",
  booktitle = "Sto let v kraljestvu zlatoroga",
  year      = "2007",
  publisher = "Lovska zveza Slovenije",
  address   = "Ljubljana",
  pages     = "63-77"
}

@inbook{Sto_83_104,
  author    = "Marjan Toš",
  title     = "Lovstvo v samostojni Sloveniji",
  booktitle = "Sto let v kraljestvu zlatoroga",
  year      = "2007",
  publisher = "Lovska zveza Slovenije",
  address   = "Ljubljana",
  pages     = "83-104"
}


@inbook{Div_63_71,
  author    = {Boris Leskovic: Igor Pičulin: Luka Ambrožič},
  title     = "Lovske organizacije",
  booktitle = "Divjad in lovstvo",
  year      = "2012",
  publisher = "Lovska zveza Slovenije",
  address   = "Ljubljana",
  pages     = "63-71"
}

%%%%%%%%%%%%%%%%%%%%%%%%%%%% Zgodovina lovstva na Slovenskem  %%%%%%%%%%%%%%%%%%%%%%%%%%%%%%%%%%%%%%%%%%%%%%%%%%%%%